<record><leader>00000cas a2200000 a 4500</leader><controlfield tag="001">8484170</controlfield><controlfield tag="008">820602d19821985iluwr ne      0   a0eng c</controlfield><datafield ind1=" " ind2=" " tag="010"><subfield code="a">sn 82017087 </subfield></datafield><datafield ind1=" " ind2=" " tag="040"><subfield code="a">YQR</subfield><subfield code="b">eng</subfield><subfield code="c">YQR</subfield><subfield code="d">NSD</subfield><subfield code="d">HUL</subfield><subfield code="d">NST</subfield><subfield code="d">NSD</subfield><subfield code="d">NST</subfield><subfield code="d">OCL</subfield><subfield code="d">HUL</subfield><subfield code="d">IUL</subfield><subfield code="d">NST</subfield><subfield code="d">YOX</subfield><subfield code="d">NVF</subfield><subfield code="d">NVK</subfield><subfield code="d">CVF</subfield><subfield code="d">DCN</subfield><subfield code="d">CVF</subfield><subfield code="d">OCL</subfield><subfield code="d">WAU</subfield><subfield code="d">NYS</subfield><subfield code="d">OCLCQ</subfield><subfield code="d">WAU</subfield><subfield code="d">OCLCQ</subfield><subfield code="d">OCLCF</subfield><subfield code="d">NVF</subfield><subfield code="d">OCLCO</subfield><subfield code="d">OCL</subfield><subfield code="d">OCLCO</subfield></datafield><datafield ind1=" " ind2=" " tag="012"><subfield code="j">0</subfield><subfield code="m">d</subfield></datafield><datafield ind1="0" ind2=" " tag="022"><subfield code="a">0744-7639</subfield><subfield code="l">0744-7639</subfield><subfield code="y">0744-0014</subfield><subfield code="2">1</subfield></datafield><datafield ind1="1" ind2=" " tag="029"><subfield code="a">AU@</subfield><subfield code="b">000020276967</subfield></datafield><datafield ind1=" " ind2=" " tag="032"><subfield code="a">890300</subfield><subfield code="b">USPS</subfield></datafield><datafield ind1=" " ind2=" " tag="042"><subfield code="a">nsdp</subfield><subfield code="a">pcc</subfield></datafield><datafield ind1=" " ind2=" " tag="043"><subfield code="a">n-us-il</subfield><subfield code="a">n-us---</subfield></datafield><datafield ind1=" " ind2="4" tag="050"><subfield code="a">BP221.A1</subfield><subfield code="b">A15</subfield></datafield><datafield ind1="0" ind2=" " tag="130"><subfield code="a">A.M. journal (Chicago, Ill.)</subfield></datafield><datafield ind1="1" ind2=" " tag="210"><subfield code="a">A.M. j.</subfield></datafield><datafield ind1=" " ind2="0" tag="222"><subfield code="a">A.M. journal</subfield></datafield><datafield ind1="0" ind2="0" tag="245"><subfield code="a">A.M. journal.</subfield></datafield><datafield ind1="3" ind2=" " tag="246"><subfield code="a">American Muslim journal</subfield></datafield><datafield ind1="3" ind2=" " tag="246"><subfield code="a">AM journal</subfield></datafield><datafield ind1="3" ind2=" " tag="246"><subfield code="a">A M journal</subfield></datafield><datafield ind1=" " ind2=" " tag="260"><subfield code="a">Chicago, Ill. :</subfield><subfield code="b">American Muslim Mission,</subfield><subfield code="c">1982-1985.</subfield></datafield><datafield ind1=" " ind2=" " tag="300"><subfield code="a">4 v. :</subfield><subfield code="b">ill. ;</subfield><subfield code="c">38 cm.</subfield></datafield><datafield ind1=" " ind2=" " tag="310"><subfield code="a">Weekly</subfield></datafield><datafield ind1="0" ind2=" " tag="362"><subfield code="a">Vol. 7, no. 31 (May 21, 1982)-v. 10, no. 27 (May 3, 1985).</subfield></datafield><datafield ind1=" " ind2=" " tag="515"><subfield code="a">Continues the numbering of A.M. news.</subfield></datafield><datafield ind1=" " ind2=" " tag="525"><subfield code="a">Includes supplement with title: World news examiner.</subfield></datafield><datafield ind1=" " ind2=" " tag="530"><subfield code="a">Available on microfilm;</subfield><subfield code="b">University Microfilms International.</subfield></datafield><datafield ind1=" " ind2="0" tag="650"><subfield code="a">Black Muslims</subfield><subfield code="v">Newspapers.</subfield></datafield><datafield ind1=" " ind2="0" tag="650"><subfield code="a">African Americans</subfield><subfield code="v">Newspapers.</subfield></datafield><datafield ind1=" " ind2="0" tag="650"><subfield code="a">African American Muslims</subfield><subfield code="v">Newspapers.</subfield></datafield><datafield ind1=" " ind2="0" tag="650"><subfield code="a">African American newspapers</subfield><subfield code="z">Illinois</subfield><subfield code="z">Chicago.</subfield></datafield><datafield ind1=" " ind2="0" tag="651"><subfield code="a">Chicago (Ill.)</subfield><subfield code="v">Newspapers.</subfield></datafield><datafield ind1=" " ind2="0" tag="651"><subfield code="a">Cook County (Ill.)</subfield><subfield code="v">Newspapers.</subfield></datafield><datafield ind1=" " ind2="0" tag="651"><subfield code="a">United States</subfield><subfield code="x">Race relations</subfield><subfield code="v">Newspapers.</subfield></datafield><datafield ind1=" " ind2="7" tag="655"><subfield code="a">African American newspapers</subfield><subfield code="z">Illinois.</subfield><subfield code="2">ngl</subfield></datafield><datafield ind1=" " ind2="7" tag="655"><subfield code="a">Newspapers.</subfield><subfield code="2">fast</subfield><subfield code="0">(OCoLC)fst01423814</subfield></datafield><datafield ind1=" " ind2="7" tag="650"><subfield code="a">African American Muslims.</subfield><subfield code="2">fast</subfield><subfield code="0">(OCoLC)fst00798985</subfield></datafield><datafield ind1=" " ind2="7" tag="650"><subfield code="a">African American newspapers.</subfield><subfield code="2">fast</subfield><subfield code="0">(OCoLC)fst00799278</subfield></datafield><datafield ind1=" " ind2="7" tag="650"><subfield code="a">African Americans.</subfield><subfield code="2">fast</subfield><subfield code="0">(OCoLC)fst00799558</subfield></datafield><datafield ind1=" " ind2="7" tag="650"><subfield code="a">Black Muslims.</subfield><subfield code="2">fast</subfield><subfield code="0">(OCoLC)fst00833633</subfield></datafield><datafield ind1=" " ind2="7" tag="650"><subfield code="a">Race relations.</subfield><subfield code="2">fast</subfield><subfield code="0">(OCoLC)fst01086509</subfield></datafield><datafield ind1=" " ind2="7" tag="651"><subfield code="a">Illinois</subfield><subfield code="z">Chicago.</subfield><subfield code="2">fast</subfield><subfield code="0">(OCoLC)fst01204048</subfield></datafield><datafield ind1=" " ind2="7" tag="651"><subfield code="a">Illinois</subfield><subfield code="z">Cook County.</subfield><subfield code="2">fast</subfield><subfield code="0">(OCoLC)fst01205334</subfield></datafield><datafield ind1=" " ind2="7" tag="651"><subfield code="a">United States.</subfield><subfield code="2">fast</subfield><subfield code="0">(OCoLC)fst01204155</subfield></datafield><datafield ind1="2" ind2=" " tag="710"><subfield code="a">American Muslim Mission.</subfield><subfield code="k">Newspapers.</subfield></datafield><datafield ind1="0" ind2="2" tag="740"><subfield code="a">World news examiner.</subfield></datafield><datafield ind1=" " ind2=" " tag="752"><subfield code="a">United States</subfield><subfield code="b">Illinois</subfield><subfield code="c">Cook</subfield><subfield code="d">Chicago.</subfield></datafield><datafield ind1="0" ind2="0" tag="780"><subfield code="t">A.M. news (Chicago, Ill.)</subfield><subfield code="x">0744-7647</subfield><subfield code="w">(DLC)sn 82017081</subfield><subfield code="w">(OCoLC)8479022</subfield></datafield><datafield ind1="0" ind2="0" tag="785"><subfield code="t">Muslim journal (Chicago, Ill.)</subfield><subfield code="x">0883-816X</subfield><subfield code="w">(DLC)sn 85009906</subfield><subfield code="w">(OCoLC)12063707</subfield></datafield><datafield ind1=" " ind2=" " tag="850"><subfield code="a">AzU</subfield><subfield code="a">CSt</subfield><subfield code="a">CU</subfield><subfield code="a">CU-I</subfield><subfield code="a">CU-S</subfield><subfield code="a">CU-SB</subfield><subfield code="a">ICarbS</subfield><subfield code="a">KMK</subfield><subfield code="a">KU-S</subfield><subfield code="a">MiD</subfield><subfield code="a">MiEM</subfield><subfield code="a">MoU</subfield><subfield code="a">NSyU</subfield><subfield code="a">NjR</subfield><subfield code="a">OU</subfield><subfield code="a">OrU</subfield><subfield code="a">PSt</subfield><subfield code="a">TxDaM-P</subfield></datafield></record>